@inproceedings{kour2014real,
  title={Real-time segmentation of on-line handwritten arabic script},
  author={Kour, George and Saabne, Raid},
  booktitle={Frontiers in Handwriting Recognition (ICFHR), 2014 14th International Conference on},
  pages={417--422},
  year={2014},
  organization={IEEE}
}

@inproceedings{kour2014fast,
  title={Fast classification of handwritten on-line Arabic characters},
  author={Kour, George and Saabne, Raid},
  booktitle={Soft Computing and Pattern Recognition (SoCPaR), 2014 6th International Conference of},
  pages={312--318},
  year={2014},
  organization={IEEE},
  doi={10.1109/SOCPAR.2014.7008025}
}

@article{hadash2018estimate,
  title={Estimate and Replace: A Novel Approach to Integrating Deep Neural Networks with Existing Applications},
  author={Hadash, Guy and Kermany, Einat and Carmeli, Boaz and Lavi, Ofer and Kour, George and Jacovi, Alon},
  journal={arXiv preprint arXiv:1804.09028},
  year={2018}
}

@ARTICLE{2010PatRe..43.3853S,
       author = {{Siddiqi}, Imran and {Vincent}, Nicole},
        title = "{Text independent writer recognition using redundant writing patterns with contour-based orientation and curvature features}",
      journal = {Pattern Recognition},
     keywords = {Handwritten documents, Writer identification, Writer verification, Clustering, Freeman chain code, Polygonization},
         year = 2010,
        month = jan,
       volume = {43},
       number = {11},
        pages = {3853-3865},
          doi = {10.1016/j.patcog.2010.05.019},
       adsurl = {https://ui.adsabs.harvard.edu/abs/2010PatRe..43.3853S},
      adsnote = {Provided by the SAO/NASA Astrophysics Data System}
}

